<record><leader>00000cas a22000007a 4500</leader><controlfield tag="001">15153583</controlfield><controlfield tag="008">870205d19211973txudr ne      0   a0eng d</controlfield><datafield ind1=" " ind2=" " tag="010"><subfield code="a">sn 87090668 </subfield></datafield><datafield ind1=" " ind2=" " tag="040"><subfield code="a">PPM</subfield><subfield code="b">eng</subfield><subfield code="c">PPM</subfield><subfield code="d">DLC</subfield><subfield code="d">OCL</subfield><subfield code="d">CNW</subfield><subfield code="d">PPM</subfield><subfield code="d">OCLCQ</subfield><subfield code="d">OCLCF</subfield><subfield code="d">OCLCO</subfield><subfield code="d">DLC</subfield><subfield code="d">HUL</subfield></datafield><datafield ind1=" " ind2=" " tag="019"><subfield code="a">15153694</subfield><subfield code="a">15153791</subfield><subfield code="a">15154041</subfield><subfield code="a">892914199</subfield></datafield><datafield ind1="0" ind2=" " tag="022"><subfield code="a">2473-5434</subfield><subfield code="l">2473-5434</subfield><subfield code="2">1</subfield></datafield><datafield ind1=" " ind2=" " tag="042"><subfield code="a">msc</subfield><subfield code="a">nsdp</subfield></datafield><datafield ind1="1" ind2="0" tag="050"><subfield code="a">ISSN RECORD</subfield></datafield><datafield ind1="1" ind2="0" tag="082"><subfield code="a">071</subfield><subfield code="2">23</subfield></datafield><datafield ind1="0" ind2=" " tag="130"><subfield code="a">Austin statesman (Austin, Tex. : 1921)</subfield></datafield><datafield ind1=" " ind2="4" tag="222"><subfield code="a">The Austin statesman</subfield><subfield code="b">(Austin, Tex. 1921)</subfield></datafield><datafield ind1="0" ind2="4" tag="245"><subfield code="a">The Austin statesman.</subfield></datafield><datafield ind1="3" ind2="0" tag="246"><subfield code="a">Sunday American statesman</subfield></datafield><datafield ind1="3" ind2="0" tag="246"><subfield code="a">American statesman</subfield></datafield><datafield ind1="3" ind2="0" tag="246"><subfield code="a">Austin American statesman</subfield></datafield><datafield ind1=" " ind2=" " tag="260"><subfield code="a">Austin, Tex. :</subfield><subfield code="b">American Pub. Co.,</subfield><subfield code="c">1921-1973.</subfield></datafield><datafield ind1=" " ind2=" " tag="300"><subfield code="a">v. :</subfield><subfield code="b">ill. ;</subfield><subfield code="c">58 cm.</subfield></datafield><datafield ind1=" " ind2=" " tag="310"><subfield code="a">Daily</subfield></datafield><datafield ind1="0" ind2=" " tag="362"><subfield code="a">Vol. 49, no. 216 (Jan. 4, 1921)-v. 103, no. 71 (Nov. 2, 1973).</subfield></datafield><datafield ind1=" " ind2=" " tag="500"><subfield code="a">Sunday papers: Sunday American-statesman, Dec. 7, 1924-Mar. 23, 1952; American-statesman, Mar. 30, 1952-Sept. 29, 1963.</subfield></datafield><datafield ind1=" " ind2=" " tag="500"><subfield code="a">Weekend paper: Austin American-statesman, Oct. 5, 1963-Nov. 4, 1973.</subfield></datafield><datafield ind1=" " ind2=" " tag="580"><subfield code="a">Morning ed.: Austin American, Dec. 1, 1924-Nov. 2, 1973.</subfield></datafield><datafield ind1=" " ind2="0" tag="651"><subfield code="a">Austin (Tex.)</subfield><subfield code="v">Newspapers.</subfield></datafield><datafield ind1=" " ind2="7" tag="651"><subfield code="a">Texas</subfield><subfield code="z">Austin.</subfield><subfield code="2">fast</subfield><subfield code="0">(OCoLC)fst01204313</subfield></datafield><datafield ind1=" " ind2="7" tag="655"><subfield code="a">Newspapers.</subfield><subfield code="2">fast</subfield><subfield code="0">(OCoLC)fst01423814</subfield></datafield><datafield ind1=" " ind2=" " tag="752"><subfield code="a">United States</subfield><subfield code="b">Texas</subfield><subfield code="c">Travis</subfield><subfield code="d">Austin.</subfield></datafield><datafield ind1="1" ind2=" " tag="775"><subfield code="t">Austin American</subfield><subfield code="x">2473-5450</subfield><subfield code="w">(DLC)sn 83026380</subfield><subfield code="w">(OCoLC)9946647</subfield></datafield><datafield ind1="0" ind2="0" tag="780"><subfield code="t">Statesman (Austin, Tex. : 1916)</subfield><subfield code="x">2473-5884</subfield><subfield code="w">(DLC)sn 87090667</subfield><subfield code="w">(OCoLC)16967947</subfield></datafield><datafield ind1="0" ind2="0" tag="785"><subfield code="t">Austin American-statesman (Evening ed. : 1973)</subfield><subfield code="x">2473-5515</subfield><subfield code="w">(DLC)sn 87090669</subfield><subfield code="w">(OCoLC)15154150</subfield></datafield><datafield ind1="1" ind2=" " tag="029"><subfield code="a">AU@</subfield><subfield code="b">000025828000</subfield></datafield></record>